<?xml version="1.0" encoding="UTF-8"?><collection xmlns="http://www.loc.gov/MARC21/slim"><record><leader>00541nam--2200157-i-4500</leader><controlfield tag="001">000032508</controlfield><controlfield tag="002">20161230</controlfield><controlfield tag="005">20161230201039</controlfield><controlfield tag="008">060222s1000------------r-----000-0-eng-d</controlfield><datafield ind1=" " ind2=" " tag="080"><subfield code="a">517.43</subfield></datafield><datafield ind1="1" ind2=" " tag="100"><subfield code="a">Mitronovic, D.S</subfield></datafield><datafield ind1="1" ind2="0" tag="245"><subfield code="a">Analytic inequalities. in cooperation with p.m.vasic</subfield></datafield><datafield ind1=" " ind2=" " tag="260"><subfield code="a">Berlin, Springer-verlag, 1970, Xi + 400p</subfield></datafield><datafield ind1=" " ind2=" " tag="490"><subfield code="a">Die Grundlehren Der Mathematischen Wissenschaften In Einzeldarstellungen Mit Besonderer Berucksichtigung Der Amwendungsgebiete</subfield></datafield><datafield ind1=" " ind2=" " tag="852"><subfield code="a">42182</subfield><subfield code="c">517.43</subfield></datafield><datafield ind1=" " ind2=" " tag="CAT"><subfield code="a">Sys</subfield><subfield code="c">20080722</subfield><subfield code="h">134508</subfield></datafield></record></collection>